<record><leader>00000cas a22000007a 4500</leader><controlfield tag="001">15021424</controlfield><controlfield tag="008">861229d18761881paudr ne      0    0eng d</controlfield><datafield ind1=" " ind2=" " tag="010"><subfield code="a">sn 86054060 </subfield></datafield><datafield ind1=" " ind2=" " tag="040"><subfield code="a">NPX</subfield><subfield code="b">eng</subfield><subfield code="c">NPX</subfield><subfield code="d">NPH</subfield><subfield code="d">UBY</subfield><subfield code="d">OCLCQ</subfield><subfield code="d">OCLCF</subfield><subfield code="d">OCLCO</subfield></datafield><datafield ind1=" " ind2=" " tag="042"><subfield code="a">msc</subfield></datafield><datafield ind1=" " ind2=" " tag="043"><subfield code="a">n-us-pa</subfield></datafield><datafield ind1="0" ind2=" " tag="130"><subfield code="a">Record of the times (Wilkes-Barre, Pa. : Daily)</subfield></datafield><datafield ind1="1" ind2="0" tag="245"><subfield code="a">Record of the times.</subfield></datafield><datafield ind1="1" ind2="7" tag="246"><subfield code="a">Daily record of the times</subfield></datafield><datafield ind1=" " ind2=" " tag="260"><subfield code="a">Wilkes-Barre, Pa. :</subfield><subfield code="b">Record of the Times Pub. Co.,</subfield><subfield code="c">1876-1881.</subfield></datafield><datafield ind1=" " ind2=" " tag="300"><subfield code="a">5 v.</subfield></datafield><datafield ind1=" " ind2=" " tag="310"><subfield code="a">Daily (except Sun.)</subfield></datafield><datafield ind1="0" ind2=" " tag="362"><subfield code="a">Vol. 3, no. 274 (Sept. 27, 1876)-v. 8, no. 216 (July 2, 1881).</subfield></datafield><datafield ind1=" " ind2="0" tag="651"><subfield code="a">Wilkes-Barre (Pa.)</subfield><subfield code="v">Newspapers.</subfield></datafield><datafield ind1=" " ind2="7" tag="655"><subfield code="a">Newspapers.</subfield><subfield code="2">fast</subfield><subfield code="0">(OCoLC)fst01423814</subfield></datafield><datafield ind1=" " ind2="7" tag="651"><subfield code="a">Pennsylvania</subfield><subfield code="z">Wilkes-Barre.</subfield><subfield code="2">fast</subfield><subfield code="0">(OCoLC)fst01205407</subfield></datafield><datafield ind1=" " ind2=" " tag="752"><subfield code="a">United States</subfield><subfield code="b">Pennsylvania</subfield><subfield code="c">Luzerne</subfield><subfield code="d">Wilkes-Barre.</subfield></datafield><datafield ind1="0" ind2=" " tag="775"><subfield code="t">Record of the times (Wilkes-Barre, Pa. : 1866 : Weekly)</subfield><subfield code="w">(DLC)sn 84026590</subfield></datafield><datafield ind1="0" ind2="0" tag="780"><subfield code="t">Daily record of the times</subfield><subfield code="w">(DLC)sn 86083449</subfield></datafield><datafield ind1="0" ind2="0" tag="785"><subfield code="t">Wilkes-Barre record (Wilkes-Barre, Pa. : 1881)</subfield><subfield code="w">(DLC)sn 86063534</subfield></datafield></record>